@article{Jenkins2011JPhysOcean,
    author = {Jenkins, A},
    title = "{Convection-Driven Melting near the Grounding Lines of Ice Shelves and Tidewater Glaciers}",
    journal = {J. Phys. Oceanogr.},
    volume = {41},
    number = {12},
    pages = {2279-2294},
    year = {2011},
    month = {12},
}

@article{Magorrian2016JGeoResOcean,
author = {Magorrian, S J and Wells, A J},
title = {Turbulent plumes from a glacier terminus melting in a stratified ocean},
journal = {J. Geophys. Res. Oceans},
volume = {121},
number = {7},
pages = {4670-4696},
year = {2016}
}

@article{McPhee1999JPhysOcean,
    author = {McPhee, M G and Kottmeier, C and Morison, J H},
    title = "{Ocean Heat Flux in the Central Weddell Sea during Winter}",
    journal = {J. Phys. Oceanogrx},
    volume = {29},
    number = {6},
    pages = {1166-1179},
    year = {1999},
    month = {06}
    }
    
@article{McPhee1992JGeophysResOcean,
author = {McPhee, M G},
title = {Turbulent heat flux in the upper ocean under sea ice},
journal = {J. Geophys. Res. Oceans},
volume = {97},
number = {C4},
pages = {5365-5379},
year = {1992}
}

@article{Gudmundsson2019GRL,
  title={Instantaneous Antarctic ice sheet mass loss driven by thinning ice shelves},
  author={Gudmundsson, G H and Paolo, F S and Adusumilli, S and Fricker, H A},
  journal={Geophys. Res. Lett.},
  volume={46},
  number={23},
  pages={13903--13909},
  year={2019},
  publisher={Wiley Online Library}
}

@article{Jenkins1991JGeophysResOceans,
author = {Jenkins, A},
title = {A one-dimensional model of ice shelf-ocean interaction},
journal = {J. Geophys. Res. Oceans},
volume = {96},
number = {C11},
pages = {20671-20677},
year = {1991}
}

@article{Jenkins2018NatureGeo,
  author={Jenkins, A and Shoosmith, D and Dutrieux, P and Jacobs, S and Kim, T W and Lee, S H and Ha, H K and Stammerjohn, S},
    title={{West Antarctic Ice Sheet retreat in the Amundsen Sea driven by decadal oceanic variability}},
  journal={Nat. Geosci.},
  volume={11},
  number={10},
  pages={733--738},
  year={2018}
}

@article{Silvano2016Oceanography,
  title={Ocean-ice shelf interaction in East Antarctica},
  author={Silvano, A and Rintoul, S R and Herraiz-Borreguero, L},
  journal={Oceanography},
  volume={29},
  number={4},
  pages={130--143},
  year={2016}
}

@article{Hewitt2020AnnRevFlu,
  title={Subglacial Plumes},
  author={Hewitt, I J},
  journal={Annu. Rev. Fluid Mech},
  volume={52},
  pages={145--169},
  year={2020},
  publisher={Annual Reviews}
}

@article{Lazeroms2018TheCryo,
  title={Modelling present-day basal melt rates for Antarctic ice shelves using a parametrization of buoyant meltwater plumes},
  author={Lazeroms, W M J and Jenkins, A and Gudmundsson, H and van de Wal, R S W},
  journal={The Cryosphere},
  volume={12},
  number={1},
  pages={49--70},
  year={2018}
}

@article{Lazeroms2019JPhysOcean,
  title={An analytical derivation of ice-shelf basal melt based on the dynamics of meltwater plumes},
  author={Lazeroms, W M J and Jenkins, A and Rienstra, S W and Van De Wal, R S W},
  journal={ J. Phys. Oceanogr.},
  volume={49},
  number={4},
  pages={917--939},
  year={2019}
}

@article{Rignot2019PNAS,
  title={Four decades of Antarctic Ice Sheet mass balance from 1979--2017},
  author={Rignot, E and Mouginot, J and Scheuchl, B and Van Den Broeke, M and Van Wessem, M J and Morlighem, M},
  journal={Proc. Nat. Acad. Sci.},
  volume={116},
  number={4},
  pages={1095--1103},
  year={2019}
}

@article{Shepherd2004GRL,
  title={Warm ocean is eroding West Antarctic ice sheet},
  author={Shepherd, A and Wingham, D and Rignot, E},
  journal={Geophys. Res. Lett.},
  volume={31},
  number={23},
  year={2004}
  }

@article{Favier2019GeosciModDev,
  title={Assessment of sub-shelf melting parameterisations using the ocean--ice-sheet coupled model NEMO (v3. 6)--Elmer/Ice (v8. 3)},
  author={Favier, L and Jourdain, N C and Jenkins, A and Merino, N and Durand, G and Gagliardini, O and Gillet-Chaulet, F and Mathiot, P},
  journal={Geosci. Model Dev.},
  volume={12},
  number={6},
  pages={2255--2283},
  year={2019},
}

@article{Ellison1959JFM,
  title={Turbulent entrainment in stratified flows},
  author = {Ellison, T H},
  journal={J. Fluid Mech.},
  volume={6},
  number={3},
  pages={423--448},
  year={1959},
  publisher={Cambridge University Press}
}

@phdthesis{Jenkinsphdthesis,
  author       = {Jenkins, A}, 
  title        = {Dynamics of Ronne Ice Shelf and its interaction with the ocean},
  school       = {Council for National Academic Awards},
  year         = {1992}
}

@book{HinchPerturbationMethods, 
place={Cambridge}, 
title={Perturbation Methods}, 
publisher={Cambridge University Press}, 
author={Hinch, E. J.}, 
year={1991}
}

@article{DeRydt2014JGeophysResOceans,
author = {De Rydt, J. and Holland, P. R. and Dutrieux, P. and Jenkins, A.},
title = {Geometric and oceanographic controls on melting beneath Pine Island Glacier},
journal = {J. Geophys. Res. Oceans},
volume = {119},
number = {4},
pages = {2420-2438},
year = {2014}
}

@article{Adusumilli2020NatureGeo,
  title={Interannual variations in meltwater input to the Southern Ocean from Antarctic ice shelves},
  author={Adusumilli, S. and Fricker, H. A. and Medley, B. and Padman, L. and Siegfried, M. R.},
  journal={Nature Geo.},
  volume = {13},
  pages={616--620},
  year={2020}
}

@misc{PycnoclineCode,
  title = {Subglacial Plume Modelling Code},
  howpublished = {\url{https://github.com/alextbradley/Pycnocline_modelling}},
  note = {Accessed: 2021-02-02},
  author = {Bradley, A. T.},
  year = {2021}
}

@misc{Bradley2021,
    author = {Bradley, A T and Bett, D and De Rydt, J and Dutrieux, P and Holland, P R}
    title ={{Melt Response to Calving Events in Pine Island Glacier},
  Year={2021}
}

@article{Pedersen1980,
title = {Dense Bottom Currents in Rotating Ocean},
author = {Pedersen, F B},
volume = {106}, 
issue = {8},
pages = {1291--1308},
year = {1980},
journal = {J. Hydraul. Div.}
}

@article{Turner1986JFM,
 title={Turbulent entrainment: the development of the entrainment assumption, and its application to geophysical flows}, 
 volume={173},
  journal={J. Fluid Mech.},
   author={Turner, J. S.}, 
   year={1986}, 
   pages={431–471}
   }
   
@article{Holland1999JPhysOcean,
    author = {Holland, D. M. and Jenkins, A.},
    title = "{Modeling Thermodynamic Ice–Ocean Interactions at the Base of an Ice Shelf}",
    journal = {J. Phys. Oceanogr.},
    volume = {29},
    number = {8},
    pages = {1787-1800},
    year = {1999},
    month = {08}
}

@article {Paolo2015Science,
	author = {Paolo, F. S. and Fricker, H. A. and Padman, L.},
	title = {Volume loss from Antarctic ice shelves is accelerating},
	volume = {348},
	number = {6232},
	pages = {327--331},
	year = {2015},
	journal = {Science}
}

@article{Mouginot2014GRL,
  title={Sustained increase in ice discharge from the Amundsen Sea Embayment, West Antarctica, from 1973 to 2013},
  author={Mouginot, J and Rignot, E and Scheuchl, B},
  journal={Geophysical Research Letters},
  volume={41},
  number={5},
  pages={1576--1584},
  year={2014},
  }

@article{Pritchard2012Nature,
  title={Antarctic ice-sheet loss driven by basal melting of ice shelves},
  author={Pritchard, H. D. and Ligtenberg, S. R. M. and Fricker, H. A. and Vaughan, D. G. and van den Broeke, M. R. and Padman, L.},
  journal={Nature},
  volume={484},
  number={7395},
  pages={502--505},
  year={2012}
}

@article{Jenkins2010NatureGeo,
  title={Observations beneath Pine Island Glacier in West Antarctica and implications for its retreat},
  author={Jenkins, A. and Dutrieux, P. and Jacobs, S. S. and McPhail, S. D. and Perrett, J. R. and Webb, A. T. and White, D.s},
  journal={Nature Geo.},
  volume={3},
  number={7},
  pages={468--472},
  year={2010}
}

@article{Hellmer2012Nature,
  title={Twenty-first-century warming of a large Antarctic ice-shelf cavity by a redirected coastal current},
  author={Hellmer, H. H. and Kauker, F. and Timmermann, R. and Determann, J. and Rae, J.}, 
  journal={Nature},
  volume={485},
  number={7397},
  pages={225--228},
  year={2012}
}

@article{Gagliardini2010GRL,
  title={Coupling of ice-shelf melting and buttressing is a key process in ice-sheets dynamics},
  author={Gagliardini, O. and Durand, G. and Zwinger, T. and Hindmarsh, R. C. A.  and Le Meur, E.},
  journal={Geophys. Res. Lett.},
volume = {37},
number = {14},
pages = {},
  year={2010}
}

@article{Goldberg2019GRL,
  title={How accurately should we model ice shelf melt rates?},
  author={Goldberg, D. N. and Gourmelen, N. and Kimura, S. and Millan, R. and Snow, K.},
  journal={Geophys. Res. Lett.},
  volume={46},
  number={1},
  pages={189--199},
  year={2019}
}

@article{Gudmundsson2013Cryo,
  title={Ice-shelf buttressing and the stability of marine ice sheets},
  author={Gudmundsson, H.},
  journal={The Cryosphere},
  volume={7},
  number={2},
  pages={647--655},
  year={2013}
}

@article{Schoof2007JGeophysResEarth,
  title={Ice sheet grounding line dynamics: Steady states, stability, and hysteresis},
  author={Schoof, C.},
  journal={J. Geophys. Res. Earth Surf.},
volume = {112},
number = {F3},
pages = {},
  year={2007},
}

@article {Vaughan2007Science,
	author = {Vaughan, D. G. and Arthern, R.},
	title = {Why Is It Hard to Predict the Future of Ice Sheets?},
	volume = {315},
	number = {5818},
	pages = {1503--1504},
	year = {2007},
	journal = {Science}
}

@article{Arthern2017GRL,
  title={The sensitivity of West Antarctica to the submarine melting feedback},
  author={Arthern, R. J. and Williams, C. R.},
  journal={Geophys. Res. Lett.},
  volume={44},
  number={5},
  pages={2352--2359},
  year={2017}
}

@article{DeConto2016Nature,
  title={Contribution of Antarctica to past and future sea-level rise},
  author={DeConto, R. M. and Pollard, D.},
  journal={Nature},
  volume={531},
  number={7596},
  pages={591--597},
  year={2016}
}

@Article{Reese2018Cryo,
AUTHOR = {Reese, R. and Albrecht, T. and Mengel, M. and Asay-Davis, X. and Winkelmann, R.},
TITLE = {Antarctic sub-shelf melt rates via PICO},
JOURNAL = {The Cryosphere},
VOLUME = {12},
YEAR = {2018},
NUMBER = {6},
PAGES = {1969--1985}
}
 
 
 
 B
@inbook{MacAyeal1985,
author = {MacAyeal, Douglas R.},
publisher = {Amer. Geophys. Union},
isbn = {9781118665206},
title = {Evolution of Tidally Triggered Meltwater Plumes Below Ice Shelves},
booktitle = {Oceanology of the Antarctic Continental Shelf},
chapter = {},
pages = {133-143},
year = {1985},
}


@article{Jenkins2014scaling,
  title={Scaling laws for the melt rate and overturning circulation beneath ice shelves derived from simple plume theory},
  author={Jenkins, A.},
  journal={EGU General Assembly Conference Abstracts},
  pages={13755},
  year={2014}
}

@article{Kimura2014JPhysOcean,
  title={The effect of meltwater plumes on the melting of a vertical glacier face},
  author={Kimura, S. and Holland, P. R. and Jenkins, A. and Piggott, M.},
  journal={J. Phys. Ocean.},
  volume={44},
  number={12},
  pages={3099--3117},
  year={2014}
}

@article{Xu2012AnnGlac,
  title={Numerical experiments on subaqueous melting of Greenland tidewater glaciers in response to ocean warming and enhanced subglacial discharge},
  author={Xu, Y. and Rignot, E. and Menemenlis, D. and Koppes, M.},
  journal={Ann. Glaciol.},
  volume={53},
  number={60},
  pages={229--234},
  year={2012}
}

@article{Jacobs1992JGlac, 
title={Melting of ice shelves and the mass balance of Antarctica},
 volume={38}, 
 number={130}, 
 journal={J. Glaciol.}, 
 author={Jacobs, S.S. and Helmer, H.H. and Doake, C. S. M. and Jenkins, A. and Frolich, R. M.},
  year={1992}, 
  pages={375–387}
  }
  
  @article{Stewart2015GRL,
author = {Stewart, A. L. and Thompson, A. F.},
title = {Eddy-mediated transport of warm Circumpolar Deep Water across the Antarctic Shelf Break},
journal = {Geophys. Res. Lett.},
volume = {42},
number = {2},
pages = {432-440},
year = {2015}
}

@article{Graham2016JGeophysResOceans,
author = {Graham, J. A. and Dinniman, M. S. and Klinck, J. M.},
title = {Impact of model resolution for on-shelf heat transport along the West Antarctic Peninsula},
journal = {J. Geophys. Res. Oceans},
volume = {121},
number = {10},
pages = {7880-7897},
year = {2016}
}

@article{Nakayama2014OceanModelling,
  title={On the difficulty of modeling Circumpolar Deep Water intrusions onto the Amundsen Sea continental shelf},
  author={Nakayama, Y. and Timmermann, R. and Schr{\"o}der, M. and Hellmer, H. H.},
  journal={Ocean Model.},
  volume={84},
  pages={26--34},
  year={2014}
}

@article{Seroussi2017GRL,
author = {Seroussi, H. and Nakayama, Y. and Larour, E. and Menemenlis, D. and Morlighem, M. and Rignot, E. and Khazendar, A.},
title = {Continued retreat of Thwaites Glacier, West Antarctica, controlled by bed topography and ocean circulation},
journal = {Geophys. Res. Lett.},
volume = {44},
number = {12},
pages = {6191-6199},
year = {2017}
}

@article{DeRydt2016JGeophysResEarthSurf,
author = {De Rydt, J. and Gudmundsson, G. H.},
title = {Coupled ice shelf-ocean modeling and complex grounding line retreat from a seabed ridge},
journal = {J. Geophys. Res. Earth Surf.},
volume = {121},
number = {5},
pages = {865-880},
year = {2016}
}


@Article{Mathiot2017GeosciModDev,
AUTHOR = {Mathiot, P. and Jenkins, A. and Harris, C. and Madec, G.},
TITLE = {Explicit representation and parametrised impacts of under ice shelf seas in the ${z}^{\ast}$ coordinate ocean model NEMO 3.6},
JOURNAL = {Geosci. Model Dev.},
VOLUME = {10},
YEAR = {2017},
NUMBER = {7},
PAGES = {2849--2874},
}

@article{Naughten2018JClim,
  title={Future projections of Antarctic ice shelf melting based on CMIP5 scenarios},
  author={Naughten, K. A. and Meissner, K. J. and Galton-Fenzi, B. K. and England, M. H. and Timmermann, R. and Hellmer, H. H.},
  journal={J. Clim.},
  volume={31},
  number={13},
  pages={5243--5261},
  year={2018}
}

@article{Shabtaie1987JGeophysResSolidEarth,
author = {Shabtaie, Sion and Bentley, Charles R.},
title = {West Antarctic ice streams draining into the Ross Ice Shelf: Configuration and mass balance},
journal = {J. Geophys. Res. Solid Earth},
volume = {92},
number = {B2},
pages = {1311-1336},
year = {1987}
}


@Article{Cornford2015Cryo,
AUTHOR = {Cornford, S. L. and Martin, D. F. and Payne, A. J. and Ng, E. G. and Le Brocq, A. M. and Gladstone, R. M. and Edwards, T. L. and Shannon, S. R. and Agosta, C. and van den Broeke, M. R. and Hellmer, H. H. and Krinner, G. and Ligtenberg, S. R. M. and Timmermann, R. and Vaughan, D. G.},
TITLE = {Century-scale simulations of the response of the West Antarctic Ice Sheet to a warming climate},
JOURNAL = {The Cryosphere},
VOLUME = {9},
YEAR = {2015},
NUMBER = {4},
PAGES = {1579--1600}
}

@Article{Seroussi2014Cryo,
AUTHOR = {Seroussi, H. and Morlighem, M. and Rignot, E. and Mouginot, J. and Larour, E. and Schodlok, M. and Khazendar, A.},
TITLE = {Sensitivity of the dynamics of Pine Island Glacier, West Antarctica, to climate forcing for the next 50 years},
JOURNAL = {The Cryosphere},
VOLUME = {8},
YEAR = {2014},
NUMBER = {5},
PAGES = {1699--1710}
}

@article{AsayDavis2017CurrClimChangeRep,
  title={Developments in simulating and parameterizing interactions between the Southern Ocean and the Antarctic ice sheet},
  author={Asay-Davis, X. S. and Jourdain, N. C. and Nakayama, Y.},
  journal={Curr. Clim. Change Rep.},
  volume={3},
  number={4},
  pages={316--329},
  year={2017}
}

@article {Joughin2014Science,
	author = {Joughin, I. and Smith, B. E. and Medley, B.},
	title = {Marine Ice Sheet Collapse Potentially Under Way for the Thwaites Glacier Basin, West Antarctica},
	volume = {344},
	number = {6185},
	pages = {735--738},
	year = {2014},
	journal = {Science}
}


@article{Golledge2015Nature,
  title={The multi-millennial Antarctic commitment to future sea-level rise},
  author={Golledge, N. R. and Kowalewski, D. E. and Naish, T. R. and Levy, R. H. and Fogwill, C. J. and Gasson, E. G. W.},
  journal={Nature},
  volume={526},
  number={7573},
  pages={421--425},
  year={2015}
}

@Article{Favier2016Cryo,
AUTHOR = {Favier, L. and Pattyn, F. and Berger, S. and Drews, R.},
TITLE = {Dynamic influence of pinning points on marine ice-sheet
stability: a numerical study in Dronning Maud Land, East Antarctica},
JOURNAL = {The Cryosphere},
VOLUME = {10},
YEAR = {2016},
NUMBER = {6},
PAGES = {2623--2635}
}

@article{Sun2016AnnGlac,
  title={Impact of ocean forcing on the Aurora Basin in the 21st and 22nd centuries},
  author={Sun, S. and Cornford, S. L. and Gwyther, D. E. and Gladstone, R. M. and Galton-Fenzi, B. K. and Zhao, Liyun and Moore, J. C.},
  journal={Ann. Glaciol.},
  volume={57},
  number={73},
  pages={79--86},
  year={2016}
}

@article{Morton1956PRSL,
  title={Turbulent gravitational convection from maintained and instantaneous sources},
  author={Morton, BR and Taylor, Geoffrey Ingram and Turner, John Stewart},
  journal={Proc. Math. Phys. Eng. Sci.},
  volume={234},
  number={1196},
  pages={1--23},
  year={1956}
}

@book{Turner1979,
  title={Buoyancy effects in fluids},
  author={Turner, J. S.},
  year={1979},
  publisher={Cambridge university press}
}

@article{LaneSerff1995JGeophysResOceans,
author = {Lane-Serff, G. F.},
title = {On meltwater under ice shelves},
journal = {J. Geophys. Res. Oceans},
volume = {100},
number = {C4},
pages = {6961-6965},
year = {1995}
}


@article{Holland2008JClimate,
  title={The response of ice shelf basal melting to variations in ocean temperature},
  author={Holland, Paul R and Jenkins, Adrian and Holland, David M},
  journal={J. Clim.},
  volume={21},
  number={11},
  pages={2558--2572},
  year={2008}
}

@article{Lewis1986JGeophysResOceans,
author = {Lewis, E. L. and Perkin, R. G.},
title = {Ice pumps and their rates},
journal = {J. Geophys. Res. Oceans},
volume = {91},
number = {C10},
pages = {11756-11762},
year = {1986}
}


@article{Holland2007JGeophysResOceans,
  title={Ice shelf water plume flow beneath Filchner-Ronne Ice Shelf, Antarctica},
  author={Holland, Paul R and Feltham, Daniel L and Jenkins, Adrian},
  journal={J.  Geophys. Res. Oceans},
  volume={112},
  number={C5},
  year={2007}
}

@article{Mueller2012JGeophysResOceans,
author = {Mueller, R. D. and Padman, L. and Dinniman, M. S. and Erofeeva, S. Y. and Fricker, H. A. and King, M. A.},
title = {Impact of tide-topography interactions on basal melting of Larsen C Ice Shelf, Antarctica},
journal = {J. Geophys. Res. Oceans},
volume = {117},
number = {C5},
pages = {},
year = {2012}
}

@article{Rignot2013Science,
  title={Ice-shelf melting around Antarctica},
  author={Rignot, E. and Jacobs, S. and Mouginot, J. and Scheuchl, B.},
  journal={Science},
  volume={341},
  number={6143},
  pages={266--270},
  year={2013}
}
@article{Moholdt2014JGeophysResEarthSurf,
  title={Basal mass budget of Ross and Filchner-Ronne ice shelves, Antarctica, derived from Lagrangian analysis of ICESat altimetry},
  author={Moholdt, G. and Padman, L. and Fricker, H. A.},
  journal={J. Geophys. Res. Earth Surf.},
  volume={119},
  number={11},
  pages={2361--2380},
  year={2014},
  publisher={Wiley Online Library}
}

@article{Straneo2011NatureGeo,
  title={Impact of fjord dynamics and glacial runoff on the circulation near Helheim Glacier},
  author={Straneo, F. and Curry, R. G. and Sutherland, D. A. and Hamilton, G. S. and Cenedese, C. and V{\aa}ge, K. and Stearns, L. A.},
  journal={Nature Geoscience},
  volume={4},
  number={5},
  pages={322--327},
  year={2011},
  publisher={Nature Publishing Group}
}